@Article{carnall92,
  title = {A systematic analysis of the spectra of trivalent lanthanides chlorides in $D_{3h}$ site symmetry},
  author = {Carnall, W. T.},
  journal = {J. Chem. Phys.},
  volume = {96},
  pages = {8713--8726},
  numpages = {14},
  year = {1992},
  month = {Jun}, 
  publisher = {American Institute of Physics}
}

@Article{carnall89,
  title = {A systematic analysis of the spectra of the lanthanides doped into single crystal LaF$_3$},
  author = {Carnall, W. T. and Goodman, G. L. and Rajnak, K. and Rana, R. S.},
  journal = {J. Chem. Phys.},
  volume = {90},
  pages = {3443--3457},
  numpages = {15},
  year = {1989},
  month = {Apr}, 
  publisher = {American Institute of Physics}
}

@inbook{racah51,
  author = {Racah, G.},
  title = {Group Theory and Spectroscopy},
  pages = {60},
  year = {1951},
  publisher = {mimeographed notes, Princeton. Reprinted CERN Report 61-68 (1961), and in Springer Tracts in Modern Physics, Volume 37, 28-87 (1965)},
  ISBN2 = {}
}

@inbook{wybourne65,
  author = {Wybourne, B. G.},
  title = {Spectroscopic Properties of Rare Earths},
  pages = {236},
  year = {1965},
  publisher = {Wiley Interscience},
  address = {New York}
}

@Article{allison74,
  title = {Fractional Parentage Coefficients for equivalent $f$ shell electrons},
  author = {Allison, D.C.S and McNulty, J.E.},
  journal = {Comp. Phys. Comm.},
  volume = {8},
  pages = {246--256},
  numpages = {11},
  year = {1974},
  month = {July},
  publisher = {North Holland}
}

@Article{wybourne61,
  title = {Structure of $f^n$ configurations. I. Calculation of the Energy Levels},
  author = {Wybourne, B. G.},
  journal = {J. Chem. Phys.},
  volume = {36},
  pages = {2295--2300},
  numpages = {6},
  year = {1962},
  month = {May},
  publisher = {American Institute of Physics}
}
